@book {DiPietroErn,
    AUTHOR = {Di Pietro, Daniele Antonio and Ern, Alexandre},
     TITLE = {Mathematical aspects of discontinuous {G}alerkin methods},
    SERIES = {Math\'ematiques \& Applications (Berlin) [Mathematics \&
              Applications]},
    VOLUME = {69},
 PUBLISHER = {Springer, Heidelberg},
      YEAR = {2012},
     PAGES = {xviii+384},
      ISBN = {978-3-642-22979-4},
   MRCLASS = {65-02 (35A35 35F15 35J25 35Q35 65M60 65N30)},
  MRNUMBER = {2882148},
MRREVIEWER = {R{\'e}mi Vaillancourt},
       DOI = {10.1007/978-3-642-22980-0},
       URL = {http://dx.doi.org/10.1007/978-3-642-22980-0}
}

@book {Neumueller,
    AUTHOR = {Martin Neum\"uller},
     TITLE = {Space-Time Methods},
    SERIES = {Monographic Series TU Graz [Computation in Engineering and science]},
    VOLUME = {20},
 PUBLISHER = {Verlag der Technischen Universität Graz},
      YEAR = {2013},
     PAGES = {i+183},
      ISBN = {978-3-85125-290-3}
}

@book {Troeltzsch,
    AUTHOR = {Tr{\"o}ltzsch, Fredi},
     TITLE = {{O}ptimale {S}teuerung partieller {D}ifferentialgleichungen: {T}heorie, {V}erfahren und {A}nwendungen},
      NOTE = {{T}heorie, {V}erfahren und {A}nwendungen},
 PUBLISHER = {Vieweg+Teubner},
      YEAR = {2010},
     PAGES = {x+303},
      ISBN = {978-3-0346-0142-9}
}

@BOOK{JungLanger,
  author = {Jung, Michael and Langer, Ulrich},
  title = {{M}ethode der finiten {E}lemente f{\"u}r {I}ngenieure},
  note = {Eine {E}inf{\"u}hrung in die numerischen {G}rundlagen und {C}omputersimulation},
  publisher = {Springer Vieweg},
  year = {2013},
  pages = {xvi+639},
  isbn = {978-3-658-01100-0},
  DOI = {10.1007/978-3-658-01100-0},
  URL = {http://dx.doi.org/10.1007/978-3-658-01100-0}
}

@BOOK{Bey,
  author = {Bey, J{\"u}rgen},
  title = {Tetrahedral Grid Refinement},
  year = {1995}
}

@book{LionsMagenes,
   title =     {Non-Homogeneous Boundary Value Problems and Applications: Vol. 2},
   author =    {Jacques Louis Lions, Enrico Magenes, P. Kenneth},
}

@article{Hinze,
 author = {Hinze, M.},
 title = {A Variational Discretization Concept in Control Constrained Optimization: The Linear-quadratic Case},
 journal = {Comput. Optim. Appl.},
 issue_date = {January 2005},
 volume = {30},
 number = {1},
 month = jan,
 year = {2005},
 issn = {0926-6003},
 pages = {45--61},
 numpages = {17},
 url = {http://dx.doi.org/10.1007/s10589-005-4559-5},
 doi = {10.1007/s10589-005-4559-5},
 acmid = {1052003},
 publisher = {Kluwer Academic Publishers},
 address = {Norwell, MA, USA},
 keywords = {control constraints, control of pdes, error estimates},
} 

@book{Braess,
   title =     {Finite Elemente},
   author =    {Dietrich Braess},
   publisher = {Springer},
   isbn =      {978-3-642-34797-2},
   year =      {2013},
   series =    {},
   edition =   {5., überarbeitete Auflage},
   volume =    {},
   doi = {10.1007/978-3-642-34797-9}
}

@article{XuZou,
 author = {Xu, Jinchao and Zou, Jun},
 title = {Some Nonoverlapping Domain Decomposition Methods},
 journal = {SIAM Rev.},
 issue_date = {Dec. 1998},
 volume = {40},
 number = {4},
 month = dec,
 year = {1998},
 issn = {0036-1445},
 pages = {857--914},
 numpages = {58},
 url = {http://dx.doi.org/10.1137/S0036144596306800},
 doi = {10.1137/S0036144596306800},
 acmid = {306633},
 publisher = {Society for Industrial and Applied Mathematics},
 address = {Philadelphia, PA, USA},
 keywords = {Neumann--Neumann, Schur complement, balancing methods, jumps in coefficients, local-global and global-local techniques, nonoverlapping domain decomposition, substructuring},
} 


@incollection{pardiso1,
    author={A.~Kuzmin and M.~Luisier and O.~Schenk},
    title={Fast Methods for Computing Selected Elements of the Greens Function in Massively Parallel Nanoelectronic Device Simulations},
    pages={533-544},
    year={2013},
    isbn={978-3-642-40046-9},
    booktitle={Euro-Par 2013 Parallel Processing},
    volume={8097},
    series={Lecture Notes in Computer Science},
    editor={F.~Wolf and B.~Mohr and D.~Mey},
    doi={10.1007/978-3-642-40047-6_54},
    url={http://dx.doi.org/10.1007/978-3-642-40047-6_54},
    publisher={Springer Berlin Heidelberg}
}

@article{pardiso2,
 author = {Schenk, Olaf and Bollh\"{o}fer, Matthias and R\"{o}mer, Rudolf A.},
 title = {On Large-Scale Diagonalization Techniques for the Anderson Model of Localization},
 journal = {SIAM Rev.},
 issue_date = {February 2008},
 volume = {50},
 number = {1},
 month = feb,
 year = {2008},
 issn = {0036-1445},
 pages = {91--112},
 numpages = {22},
 url = {http://dx.doi.org/10.1137/070707002},
 doi = {10.1137/070707002},
 acmid = {1350633},
 publisher = {Society for Industrial and Applied Mathematics},
 address = {Philadelphia, PA, USA},
 keywords = {Anderson model of localization, Cullum-Willoughby implementation, Jacobi-Davidson algorithm, Lanczos algorithm, large-scale eigenvalue problem, maximum weighted matching, multilevel preconditioning, symmetric indefinite matrix},
} 

@article{pardiso3,
year={2007},
issn={0926-6003},
journal={Computational Optimization and Applications},
volume={36},
number={2-3},
doi={10.1007/s10589-006-9003-y},
title={Matching-based preprocessing algorithms to the solution of saddle-point problems in large-scale nonconvex interior-point optimization},
url={http://dx.doi.org/10.1007/s10589-006-9003-y},
publisher={Kluwer Academic Publishers-Plenum Publishers},
keywords={Nonconvex nonlinear programming; Interior-point method; Saddle-point problem; Numerical linear algebra; Maximum weight matching},
author={Schenk, Olaf and Wächter, Andreas and Hagemann, Michael},
pages={321-341},
language={English}
}

@article{MINRES,
author = {C. C. Paige and M. A. Saunders},
title = {Solution of Sparse Indefinite Systems of Linear Equations},
journal = {SIAM Journal on Numerical Analysis},
volume = {12},
number = {4},
pages = {617-629},
year = {1975},
doi = {10.1137/0712047},
URL = { 
        http://dx.doi.org/10.1137/0712047
},
eprint = { 
        http://dx.doi.org/10.1137/0712047   
}
}

@article {EggerSchoberl,
    AUTHOR = {Egger, Herbert and Sch{\"o}berl, Joachim},
     TITLE = {A hybrid mixed discontinuous {G}alerkin finite-element method
              for convection-diffusion problems},
   JOURNAL = {IMA J. Numer. Anal.},
  FJOURNAL = {IMA Journal of Numerical Analysis},
    VOLUME = {30},
      YEAR = {2010},
    NUMBER = {4},
     PAGES = {1206--1234},
      ISSN = {0272-4979},
     CODEN = {IJNADN},
   MRCLASS = {65N30 (65N12 65N15)},
  MRNUMBER = {2727822},
MRREVIEWER = {Minvydas Ragulskis},
       DOI = {10.1093/imanum/drn083},
       URL = {http://dx.doi.org/10.1093/imanum/drn083},
}

@book {Wloka,
    AUTHOR = {Wloka, J.},
     TITLE = {Partial differential equations},
      NOTE = {Translated from the German by C. B. Thomas and M. J. Thomas},
 PUBLISHER = {Cambridge University Press, Cambridge},
      YEAR = {1987},
     PAGES = {xii+518},
      ISBN = {0-521-25914-2; 0-521-27759-0},
   MRCLASS = {35-01 (46-01 65-01)},
  MRNUMBER = {895589},
       DOI = {10.1017/CBO9781139171755},
       URL = {http://dx.doi.org/10.1017/CBO9781139171755},
}

@book {Zeidler-IIA,
    AUTHOR = {Zeidler, Eberhard},
     TITLE = {Nonlinear functional analysis and its applications. {II}/{A}},
      NOTE = {Linear monotone operators,
              Translated from the German by the author and Leo F. Boron},
 PUBLISHER = {Springer-Verlag, New York},
      YEAR = {1990},
     PAGES = {xviii+467},
      ISBN = {0-387-96802-4},
   MRCLASS = {47-02 (35-01 35Dxx 46Nxx 47Bxx 47Hxx)},
  MRNUMBER = {1033497},
MRREVIEWER = {Jean Mawhin},
       DOI = {10.1007/978-1-4612-0985-0},
       URL = {http://dx.doi.org/10.1007/978-1-4612-0985-0},
}


@book {Ladyzhenskaya,
    AUTHOR = {Ladyzhenskaya, Olga A. and Solonnikov, V. A. and Uraltseva, Nina N.},
     TITLE = {Linear and quasilinear equations of parabolic type},
    SERIES = {Translations of Mathematical Monographs Reprint},
 PUBLISHER = {American Mathematical Society},
      YEAR = {1968},
     PAGES = {648},
}

@article {DeckelnickHinze,
    AUTHOR = {Deckelnick, Klaus and Hinze, Michael},
     TITLE = {Variational discretization of parabolic control problems in
              the presence of pointwise state constraints},
   JOURNAL = {J. Comput. Math.},
  FJOURNAL = {Journal of Computational Mathematics},
    VOLUME = {29},
      YEAR = {2011},
    NUMBER = {1},
     PAGES = {1--15},
      ISSN = {0254-9409},
     CODEN = {JCMMEB},
   MRCLASS = {49M25 (49K20 65M60 93C20)},
  MRNUMBER = {2723983},
MRREVIEWER = {Arnd R{\"o}sch},
       DOI = {10.4208/jcm.1006-m3213},
       URL = {http://dx.doi.org/10.4208/jcm.1006-m3213},
}

@article {MeidnerVexler-I,
    AUTHOR = {Meidner, Dominik and Vexler, Boris},
     TITLE = {A priori error estimates for space-time finite element
              discretization of parabolic optimal control problems. {I}.
              {P}roblems without control constraints},
   JOURNAL = {SIAM J. Control Optim.},
  FJOURNAL = {SIAM Journal on Control and Optimization},
    VOLUME = {47},
      YEAR = {2008},
    NUMBER = {3},
     PAGES = {1150--1177},
      ISSN = {0363-0129},
   MRCLASS = {65M15 (49M25 49N10 65M60)},
  MRNUMBER = {2407012},
MRREVIEWER = {Morgan Pierre},
       DOI = {10.1137/070694016},
       URL = {http://dx.doi.org/10.1137/070694016},
}
  

@article {MeidnerVexler-II,
    AUTHOR = {Meidner, Dominik and Vexler, Boris},
     TITLE = {A priori error estimates for space-time finite element
              discretization of parabolic optimal control problems. {II}.
              {P}roblems with control constraints},
   JOURNAL = {SIAM J. Control Optim.},
  FJOURNAL = {SIAM Journal on Control and Optimization},
    VOLUME = {47},
      YEAR = {2008},
    NUMBER = {3},
     PAGES = {1301--1329},
      ISSN = {0363-0129},
   MRCLASS = {49N10 (49K20 49M25 65M15 65M60)},
  MRNUMBER = {2407017},
MRREVIEWER = {Morgan Pierre},
       DOI = {10.1137/070694028},
       URL = {http://dx.doi.org/10.1137/070694028},
}

@book {Evans,
    AUTHOR = {Evans, Lawrence C.},
     TITLE = {Partial differential equations},
    SERIES = {Graduate Studies in Mathematics},
    VOLUME = {19},
   EDITION = {Second},
 PUBLISHER = {American Mathematical Society, Providence, RI},
      YEAR = {2010},
     PAGES = {xxii+749},
      ISBN = {978-0-8218-4974-3},
   MRCLASS = {35-01},
  MRNUMBER = {2597943},
MRREVIEWER = {Diego M. Maldonado},
       DOI = {10.1090/gsm/019},
       URL = {http://dx.doi.org/10.1090/gsm/019},
}

@article {Wihler,
    AUTHOR = {Wihler, Thomas P. and Rivi{\`e}re, B{\'e}atrice},
     TITLE = {Discontinuous {G}alerkin methods for second-order elliptic
              {PDE} with low-regularity solutions},
   JOURNAL = {J. Sci. Comput.},
  FJOURNAL = {Journal of Scientific Computing},
    VOLUME = {46},
      YEAR = {2011},
    NUMBER = {2},
     PAGES = {151--165},
      ISSN = {0885-7474},
     CODEN = {JSCOEB},
   MRCLASS = {65N30 (35J25)},
  MRNUMBER = {2753240},
MRREVIEWER = {Hans-Peter Helfrich},
       DOI = {10.1007/s10915-010-9387-9},
       URL = {http://dx.doi.org/10.1007/s10915-010-9387-9},
}

@article {DiPietroErn-Low,
    AUTHOR = {Di Pietro, Daniele A. and Ern, Alexandre},
     TITLE = {Analysis of a discontinuous {G}alerkin method for
              heterogeneous diffusion problems with low-regularity
              solutions},
   JOURNAL = {Numer. Methods Partial Differential Equations},
  FJOURNAL = {Numerical Methods for Partial Differential Equations. An
              International Journal},
    VOLUME = {28},
      YEAR = {2012},
    NUMBER = {4},
     PAGES = {1161--1177},
      ISSN = {0749-159X},
   MRCLASS = {65N30 (65N12)},
  MRNUMBER = {2914787},
       DOI = {10.1002/num.20675},
       URL = {http://dx.doi.org/10.1002/num.20675},
}

@book {HillePhillips,
    AUTHOR = {Hille, Einar and Phillips, Ralph S.},
     TITLE = {Functional analysis and semi-groups},
      NOTE = {Third printing of the revised edition of 1957,
              American Mathematical Society Colloquium Publications, Vol.
              XXXI},
 PUBLISHER = {American Mathematical Society, Providence, R. I.},
      YEAR = {1974},
     PAGES = {xii+808},
   MRCLASS = {47-02 (46-02)},
  MRNUMBER = {0423094},
}